% Update: 2025-08-19

%%%%%%%%%%%%%%%%%%%%%%%%%%%%%%%%%%%%%%%%%%%%%%%%%
%-- General --%
@Article{SQazi:22,
  author  = {S. Qazi and B. A. Khawaja and Q. U. Farooq},
  title   = {{IoT-Equipped and AI-Enabled Next Generation Smart Agriculture: A Critical Review, Current Challenges and Future Trends}},
  journal = "IEEE Access",
  volume  = "10",
  number  = "",
  pages   = "21219--21235",
  year    = "2022",
}
@Article{SWKo:21,
  author  = {S.-W. Ko and H. Chae and K. Han and S. Lee and D.-W. Seo and K. Huang},
  title   = {{V2X-Based Vehicular Positioning: Opportunities, Challenges, and Future Directions}},
  journal = "IEEE Wireless Commun.",
  volume  = "28",
  number  = "2",
  pages   = "144--151",
  year    = "April 2021",
}
@Article{BMakki:19_1,
  author  = {B. Makki and T. Svensson and G. Caire and M. Zorzi},
  title   = {{Fast HARQ Over Finite Blocklength Codes: A Technique for Low-Latency Reliable Communication}},
  journal = "IEEE Trans. Wireless Commun.",
  volume  = "18",
  number  = "1",
  pages   = "194--209",
  year    = "January 2019",
}



%%%%%%%%%%%%%%%%%%%%%%%%%%%%%%%%%%%%%%%%%%%%%%%%%
%-- Channel models --%
@Article{MDYacoub:07,
  author  = {M. D. Yacoub},
  title   = {{The $\alpha$-$\mu$ Distribution: A Physical Fading Model for the Stacy Distribution}},
  journal = "IEEE Trans. Veh. Technol.",
  volume  = "56",
  number  = "1",
  pages   = "27--34",
  year    = "January 2007",
}
@Article{MDYacoub:16,
  author  = {M. D. Yacoub},
  title   = {{The $\alpha$-$\eta$-$\kappa$-$\mu$ Fading Model}},
  journal = "IEEE Trans. Antennas Propag.",
  volume  = "64",
  number  = "8",
  pages   = "3597--3610",
  year    = "August 2016",
}


%%%%%%%%%%%%%%%%%%%%%%%%%%%%%%%%%%%%%%%%%%%%%%%%%
%-- Full duplex --%
% Technical papers
@Article{DNguyen:13,
  author  = {D. Nguyen and L.-N. Tran and P. Pirinen and M. Latva-aho},
  title   = {{Precoding for Full Duplex Multiuser MIMO Systems: Spectral and Energy Efficiency Maximization}},
  journal = "IEEE Trans. Signal Process.",
  volume  = "61",
  number  = "16",
  pages   = "4038--4050",
  year    = "August 2013",
}

%%%%%%%%%%%%%%%%%%%%%%%%%%%%%%%%%%%%%%%%%%%%%%%%%
%-- Cryptography --%
% Technical papers
@InProceedings{UBanerjee:19,
  author  = {U. Banerjee and A. Pathak and A. P. Chandrakasan},
  title   = {{Secure Transmission with Covert Requirement in Untrusted Relaying Networks}},
  booktitle = "2019 IEEE International Solid-State Circuits Conference - (ISSCC), San Francisco, CA, USA",
  volume  = "",
  number  = "",
  pages   = "46--48",
  year    = "17--21 February 2019",
}



%%%%%%%%%%%%%%%%%%%%%%%%%%%%%%%%%%%%%%%%%%%%%%%%%
%-- Pysical layer security --%
% Magazines / surveys
@Article{JZhang:22,
  author  = {J. Zhang and Z. Yan and S. Fei and M. Wang and T. Li and H. Wang},
  title   = {{Is Today's End-to-End Communication Security Enough for 5G and Its Beyond?}},
  journal = "IEEE Network",
  volume  = "36",
  number  = "1",
  pages   = "105--112",
  year    = "January/February 2022",
}
@Article{ADWyner:75,
  author  = {A. D. Wyner},
  title   = {{The Wire-Tap Channel}},
  journal = "Bell Syst. Tech. J.",
  volume  = "54",
  number  = "8",
  pages   = "1355--1387",
  year    = "October 1975",
}
@Article{PAngueira:22,
  author  = {P. Angueira and I. Val and J. Montalb\'{a}n and \'{O}. Seijo and E. Iradier and P. S. Fontaneda and L. Fanari and A. Arriola},
  title   = {{A Survey of Physical Layer Techniques for Secure Wireless Communications in Industry}},
  journal = "IEEE Commun. Surveys Tuts.",
  volume  = "24",
  number  = "2",
  pages   = "810--838",
  year    = "Secondquarter 2022",
}
@Article{EIlli:24,
  author  = {E. Illi and M. Qaraqe and S. Althunibat and A. Alhasanat and M. Alsafasfeh and M. de Ree and G. Mantas and J. Rodriguez and W. Aman and S. Al-Kuwari},
  title   = {{Physical Layer Security for Authentication, Confidentiality, and Malicious Node Detection: A Paradigm Shift in Securing IoT Networks}},
  journal = "IEEE Commun. Surveys Tuts.",
  volume  = "26",
  number  = "1",
  pages   = "347--388",
  year    = "Firstquarter 2024",
}
@Article{MMitev:23,
  author  = {M. Mitev and A. Chorti and H. V. Poor and G. P. Fettweis},
  title   = {{What Physical Layer Security Can Do for 6G Security}},
  journal = "IEEE Open J. Veh. Technol.",
  volume  = "4",
  number  = "",
  pages   = "375--388",
  year    = "2023",
}



% Technical papers
%% Relay
@Article{XChen:15,
  author  = {X. Chen and L. Lei, H. Zhang and C. Yuen},
  title   = {{Large-Scale MIMO Relaying Techniques for Physical Layer Security: AF or DF?}},
  journal = "IEEE Trans. Wireless Commun.",
  volume  = "14",
  number  = "9",
  pages   = "5135--5146",
  year    = "September 2015",
}

%% Energy harvesting
@Article{HXing:16,
  author  = {H. Xing and L. Liu and R. Zhang},
  title   = {{Secrecy Wireless Information and Power Transfer in Fading Wiretap Channel}},
  journal = "IEEE Trans. Veh. Technol.",
  volume  = "65",
  number  = "1",
  pages   = "180--190",
  year    = "January 2016",
}

%% UAV
@Article{WTian:23,
  author  = {W. Tian and X. Ding and G. Liu and Y. Dai and Z. Han},
  title   = {{A UAV-Assisted Secure Communication System by Jointly Optimizing Transmit Power and Trajectory in the Internet of Things}},
  journal = "IEEE Trans. Green Commun. Netw.",
  volume  = "7",
  number  = "4",
  pages   = "2025--2037",
  year    = "December 2023",
}




%%%%%%%%%%%%%%%%%%%%%%%%%%%%%%%%%%%%%%%%%%%%%%%%%
%-- Proactive eavesdropping --%
% Technical papers
@Article{JMoon:19_1,
  author  = {J. Moon and S. H. Lee and H. Lee and I. Lee},
  title   = {{Proactive Eavesdropping With Jamming and Eavesdropping Mode Selection}},
  journal = "IEEE Trans. Wireless Commun.",
  volume  = "18",
  number  = "7",
  pages   = "3726--3738",
  year    = "July 2019",
}


%%%%%%%%%%%%%%%%%%%%%%%%%%%%%%%%%%%%%%%%%%%%%%%%%
%-- Covert communications --%
% Magazines / surveys
@Article{XJiang:21,
  author  = {X. Jiang and X. Chen and J. Tang and N. Zhao and X. Y. Zhang and D. Niyato and K.-K. Wong},
  title   = {{Covert Communication in UAV-Assisted Air-Ground Networks}},
  journal = "IEEE Wireless Commun.",
  volume  = "28",
  number  = "4",
  pages   = "190--197",
  year    = "August 2021",
}
@Article{BABash:15,
  author  = {B. A. Bash and D. Goeckel and D. Towsley and S. Guha},
  title   = {{Hiding information in noise: fundamental limits of covert wireless communication}},
  journal = "IEEE Commun. Mag.",
  volume  = "53",
  number  = "12",
  pages   = "26--31",
  year    = "December 2015",
}
@Article{ZLiu:18,
  author  = {Z. Liu and J. Liu and Y. Zeng and J. Ma},
  title   = {{Covert Wireless Communications in IoT Systems: Hiding Information in Interference}},
  journal = "IEEE Wireless Commun.",
  volume  = "25",
  number  = "6",
  pages   = "46--52",
  year    = "December 2018",
}
@Article{XLu:20,
  author  = {X. Lu and E. Hossain and T. Shafique and S. Feng and H. Jiang and D. Niyato},
  title   = {{Intelligent Reflecting Surface Enabled Covert Communications in Wireless Networks}},
  journal = "IEEE Network",
  volume  = "34",
  number  = "5",
  pages   = "148--155",
  year    = "September/Octoboer 2020",
}
@Article{BYang:22,
  author  = {B. Yang and T. Taleb and G. Chen and S. Shen},
  title   = {{Covert Communication for Cellular and X2U-Enabled UAV Networks with Active and Passive Wardens}},
  journal = "IEEE Network",
  volume  = "36",
  number  = "1",
  pages   = "166--173",
  year    = "January/February 2022",
}
@Article{XChen:22,
  author  = {X. Chen and J. An and N. Zhao and C. Xing and D. B. da Costa and Y. Li and F. R. Yu},
  title   = {{UAV Relayed Covert Wireless Networks: Expand Hiding Range via Drones}},
  journal = "IEEE Network",
  volume  = "36",
  number  = "4",
  pages   = "226--232",
  year    = "July/August 2022",
}
@Article{HDu:22,
  author  = {H. Du and J. Kang and D. Niyato and J. Zhang and D. I. Kim},
  title   = {{Reconfigurable Intelligent Surface-Aided Joint Radar and Covert Communications: Fundamentals, Optimization, and Challenges}},
  journal = "IEEE Veh. Technol. Mag.",
  volume  = "17",
  number  = "3",
  pages   = "54--64",
  year    = "September 2022",
}
@Article{YJiang:24,
  author  = {Y. Jiang and L. Wang and H.-H. Chen and X. Shen},
  title   = {{Physical Layer Covert Communication in B5G Wireless Networksâ€”its Research, Applications, and Challenges}},
  journal = "Proc. IEEE",
  volume  = "112",
  number  = "1",
  pages   = "47--82",
  year    = "January 2024",
}
@Article{XChen:23,
  author  = {X. Chen and J. An and Z. Xiong and C. Xing and N. Zhao and F. R. Yu and A. Nallanathan},
  title   = {{Covert Communications: A Comprehensive Survey}},
  journal = "IEEE Commun. Surveys Tuts.",
  volume  = "25",
  number  = "2",
  pages   = "1173--1198",
  year    = "Secondquarter 2023",
}
@Article{JAn:24,
  author  = {J. An and B. Kang and Q. Ouyang and J. Pan and N. Ye},
  title   = {{Covert Communications Meet 6G NTN: A Comprehensive Enabler for Safety-Critical IoT}},
  journal = "IEEE Netw.",
  volume  = "38",
  number  = "4",
  pages   = "17--24",
  year    = "July 2024",
}
@Article{ZLi:25,
  author  = {Z. Li and J. Shi and J. Si and L. Lv and L. Guan and B. Hao and Z. Tie and D. Wang and C. Xing and T. Q.S. Quek},
  title   = {{Enhancing Covert Communication in Relay Systems Using Multi-Antenna Technique}},
  journal = "accepted for Engineering",
  volume  = "",
  number  = "",
  pages   = "",
  year    = "",
}


% Technical papers
%% Basic 3-node model
@Article{BABash:13,
  author  = {B. A. Bash and D. Goeckel and D. Towsley},
  title   = {{Limits of Reliable Communication with Low Probability of Detection on AWGN Channels}},
  journal = "IEEE J. Sel. Areas Commun.",
  volume  = "31",
  number  = "9",
  pages   = "1921--1930",
  year    = "September 2013",
}
@Article{SYan:19,
  author  = {S. Yan and Y. Cong and S. V. Hanly and X. Zhou},
  title   = {{Gaussian Signalling for Covert Communications}},
  journal = "IEEE Trans. Wireless Commun.",
  volume  = "18",
  number  = "7",
  pages   = "3542--3553",
  year    = "July 2019",
}
@Article{BKang:24,
  author  = {B. Kang and N. Ye and J. An},
  title   = {{Optimal Signaling for Covert Communications Under Peak Power Constraint}},
  journal = "IEEE Trans. Inf. Forensics Security",
  volume  = "19",
  number  = "",
  pages   = "5030--5045",
  year    = "2024",
}

%% Radiometer as a test statistic
@Article{SLee:15,
  author  = {S. Lee and R. J. Baxley and M. A. Weitnauer and B. Walkenhorst},
  title   = {{Achieving Undetectable Communication}},
  journal = "IEEE Journal of Selected Topics in Signal Processing",
  volume  = "9",
  number  = "7",
  pages   = "1195--1205",
  year    = "October 2015",
}

%% Relays
@Article{JHu:18,
  author  = {J. Hu and S. Yan and X. Zhou and F. Shu and J. Li and J. Wang},
  title   = {{Covert Communication Achieved by a Greedy Relay in Wireless Networks}},
  journal = "IEEE Trans. Wireless Commun.",
  volume  = "17",
  number  = "7",
  pages   = "4766--4779",
  year    = "July 2018",
}
@Article{LLv:22,
  author  = {L. Lv and Z. Li and H. Ding and N. Al-Dhahir and J. Chen},
  title   = {{Achieving Covert Wireless Communication With a Multi-Antenna Relay}},
  journal = "IEEE Trans. Inf. Forensics Security",
  volume  = "17",
  number  = "",
  pages   = "760--773",
  year    = "2022",
}
@Article{JHu:19,
  author  = {J. Hu and S. Yan and F. Shu and J. Wang},
  title   = {{Covert Transmission With a Self-Sustained Relay}},
  journal = "IEEE Trans. Wireless Commun.",
  volume  = "18",
  number  = "8",
  pages   = "4089--4102",
  year    = "August 2019",
}
@Article{JBai:22,
  author  = {J. Bai and J. He and Y. Chen and Y. Shen and X. Jiang},
  title   = {{On Covert Communication Performance With Outdated CSI in Wireless Greedy Relay Systems}},
  journal = "IEEE Trans. Inf. Forensics Security",
  volume  = "17",
  number  = "",
  pages   = "2920--2935",
  year    = "2022",
}
@Article{JWang:19,
  author  = {J. Wang and W. Tang and Q. Zhu and X. Li and H. Rao and S. Li},
  title   = {{Covert Communication With the Help of Relay and Channel Uncertainty}},
  journal = "IEEE Wireless Commun. Lett.",
  volume  = "8",
  number  = "1",
  pages   = "317--320",
  year    = "February 2019",
}
@Article{RSun:21,
  author  = {R. Sun and B. Yang and S. Ma and Y. Shen and X. Jiang},
  title   = {{Covert Rate Maximization in Wireless Full-Duplex Relaying Systems With Power Control}},
  journal = "IEEE Trans. Commun.",
  volume  = "69",
  number  = "9",
  pages   = "6198--6212",
  year    = "September 2021",
}
@Article{CGao:21,
  author  = {C. Gao and B. Yang and X. Jiang and H. Inamura and M. Fukushi},
  title   = {{Covert Communication in Relay-Assisted IoT Systems}},
  journal = "IEEE Internet Things J.",
  volume  = "8",
  number  = "8",
  pages   = "6313--6323",
  year    = "April 2021",
}
@Article{YSu:21,
  author  = {Y. Su and H. Sun and Z. Zhang and Z. Lian and Z. Xie and Y. Wang},
  title   = {{Covert Communication With Relay Selection}},
  journal = "IEEE Wireless Commun. Lett.",
  volume  = "10",
  number  = "2",
  pages   = "421--425",
  year    = "February 2021",
}
@Article{MForouzesh:20,
  author  = {M. Forouzesh and P. Azmi and A. Kuhestani and P. L. Yeoh},
  title   = {{Covert Communication and Secure Transmission Over Untrusted Relaying Networks in the Presence of Multiple Wardens}},
  journal = "IEEE Trans. Commun.",
  volume  = "68",
  number  = "6",
  pages   = "3737--3749",
  year    = "June 2020",
}
@Article{ZFu:22,
  author  = {Z. Fu and B. Ju and J. Moon and S. Hwang and I. Lee},
  title   = {{Covert Communications in Two-way Relay Systems with Energy Harvesting}},
  journal = "Proc. 2022 13th International Conference on Information and Communication Technology Convergence (ICTC), Jeju Island, Korea, Republic of",
  volume  = "",
  number  = "",
  pages   = "985--989",
  year    = "19--21 October 2022",
}
@Article{DDeng:22,
  author  = {D. Deng and X. Li and S. Dang and M. C. Gursoy and A. Nallanathan},
  title   = {{Covert Communications in Intelligent Reflecting Surface-Assisted Two-Way Relaying Networks}},
  journal = "IEEE Trans. Veh. Technol.",
  volume  = "71",
  number  = "11",
  pages   = "12380--12385",
  year    = "November 2022",
}
@Article{XYu:22,
  author  = {X. Yu and S. Yan and J. Hu and P. Haskell-Dowland and Y. Han and D. W. K. Ng},
  title   = {{On Relaying Strategies in Multi-Hop Covert Wireless Communications}},
  journal = "Proc. ICC 2022 - IEEE International Conference on Communications, Seoul, Korea, Republic of",
  volume  = "",
  number  = "",
  pages   = "666--672",
  year    = "16--20 May 2022",
}
@Article{MWang:23_1,
  author  = {M. Wang and Z. Xu and B. Xia and Y. Guo and Z. Chen},
  title   = {{DF Relay Assisted Covert Communications: Analysis and Optimization}},
  journal = "IEEE Trans. Veh. Technol.",
  volume  = "72",
  number  = "3",
  pages   = "4073--4078",
  year    = "March 2023",
}
@InProceedings{MForouzesh:18,
  author  = {M. Forouzesh and P. Azmi and A. Kuhestani},
  title   = {{Secure Transmission with Covert Requirement in Untrusted Relaying Networks}},
  booktitle = "2018 9th International Symposium on Telecommunications (IST), Tehran, Iran",
  volume  = "",
  number  = "",
  pages   = "670--675",
  year    = "17--19 December 2018",
}
@Article{MWang:23_3,
  author  = {M. Wang and B. Xia and Z. Xu and Y. Guo and Z. Chen},
  title   = {{Performance Analysis and Optimization for Coordinated Direct and Relay Covert Transmission With Multiantenna Warder}},
  journal = "IEEE Internet Things J.",
  volume  = "10",
  number  = "15",
  pages   = "13414--13427",
  year    = "August 2023",
}
@Article{CGao:24,
  author  = {C. Gao and B. Yang and D. Zheng and X. Jiang and T. Taleb},
  title   = {{Cooperative Jamming and Relay Selection for Covert Communications in Wireless Relay Systems}},
  journal = "IEEE Trans. Commun.",
  volume  = "72",
  number  = "2",
  pages   = "1020--1032",
  year    = "February 2024",
}
@Article{QZhao:24,
  author  = {Q. Zhao and C. Gao and D. Zheng and Y. Li and X. Zheng},
  title   = {{Covert Communication in a Multirelay-Assisted Wireless Network With an Active Warden}},
  journal = "IEEE Internet Things J.",
  volume  = "11",
  number  = "9",
  pages   = "16450--16460",
  year    = "May 2024",
}
@Article{MLin:24_1,
  author  = {M. Lin and C. Liu and Q. Wu and W. Wang},
  title   = {{DF-Relay-Assisted Multiantenna D2D Covert Communication in the Presence of Joint Detection}},
  journal = "IEEE Internet Things J.",
  volume  = "11",
  number  = "7",
  pages   = "11800--11811",
  year    = "April 2024",
}
@Article{MLin:24_2,
  author  = {M. Lin and C. Liu and W. Wang},
  title   = {{Relay-Assisted Uplink Covert Communication in the Presence of Multi-Antenna Warden and Uninformed Jamming}},
  journal = "IEEE Trans. Commun.",
  volume  = "72",
  number  = "4",
  pages   = "2124--2137",
  year    = "April 2024",
}
@Article{JMoon:23_2,
  author  = {J. Moon},
  title   = {{Performance Comparison of Relay-Based Covert Communications: DF, CF and AF}},
  journal = "Sensors",
  volume  = "23",
  number  = "21",
  pages   = "8747",
  year    = "October 2023",
}
@Article{YLiu:23,
  author  = {Y. Liu and H. Wu and X. Jiang},
  title   = {{Joint selection of FD/HD and AF/DF for covert communication in two-hop relay systems}},
  journal = "Ad Hoc Netw.",
  volume  = "148",
  number  = "",
  pages   = "103207",
  year    = "September 2023",
}
@Article{YLiu:25,
  author  = {Y. Liu and H. Wu and W. Su and Y. Shen and X. Jiang},
  title   = {{Joint Relay and Mode Selection for Covert Communication in Wireless Relay Systems}},
  journal = "accepted for IEEE Trans. Commun.",
  volume  = "",
  number  = "",
  pages   = "",
  year    = "",
}
@Article{XJin:24,
  author  = {X. Jin and X. Lu and K. Cheng and Y. Song},
  title   = {{Jamming-Assisted Covert Communication Improved by a Store-Enabled Relay}},
  journal = "IEEE Sensors J.",
  volume  = "24",
  number  = "18",
  pages   = "29314--29322",
  year    = "September 2024",
}
@Article{RHe:25,
  author  = {R. He and G. Li and J. Chen and H. Wang and X. Guan and Y. Xu},
  title   = {{Joint Power and Beamformer Optimization in Multi-Antenna Relay Covert System: Exploiting Public Users as Shelter}},
  journal = "IEEE Trans. Wireless Commun.",
  volume  = "24",
  number  = "1",
  pages   = "385--400",
  year    = "January 2025",
}
@Article{QJin:25,
  author  = {Q. Jin and L. Fan and X. Lei and J. Zhao and A. Nallanathan},
  title   = {{Covert Communication of Multi-Antenna AF Relaying Networks}},
  journal = "accepted for IEEE Trans. Commun.",
  volume  = "",
  number  = "",
  pages   = "",
  year    = "",
}
@InProceedings{KShahzad:18_2,
  author  = {K. Shahzad},
  title   = {{Relaying via Cooperative Jamming in Covert Wireless Communications}},
  booktitle = "2018 12th International Conference on Signal Processing and Communication Systems (ICSPCS), Cairns, QLD, Australia",
  volume  = "",
  number  = "",
  pages   = "1--6",
  year    = "17--19 December 2018",
}
@Article{JMoon:24_2,
  author  = {J. Moon},
  title   = {{Covert Communications in a Hybrid DF/AF Relay System}},
  journal = "Sensors",
  volume  = "24",
  number  = "20",
  pages   = "6518",
  year    = "October 2024",
}
@Article{HZhu:25,
  author  = {H. Zhu and H. Wu and W. Su and X. Jiang},
  title   = {{Enhancing Covert Communication in Relay Systems Using Multi-Antenna Technique}},
  journal = "",
  volume  = "",
  number  = "",
  pages   = "",
  year    = "[Online] Available: https://arxiv.org/abs/2407.11882",
}


%% Full duplex
@Article{KShahzad:18_1,
  author  = {K. Shahzad and X. Zhou and S. Yan and J. Hu and F. Shu and J. Li},
  title   = {{Achieving Covert Wireless Communications Using a Full-Duplex Receiver}},
  journal = "IEEE Trans. Wireless Commun.",
  volume  = "17",
  number  = "12",
  pages   = "8517--8530",
  year    = "December 2018",
}
@InProceedings{TXu:18,
  author  = {T. Xu and L. Xu and X. Liu and Z. Lu},
  title   = {{Covert Communication with A Full-Duplex Receiver Based on Channel Distribution Information}},
  booktitle = "2018 12th International Symposium on Antennas, Propagation and EM Theory (ISAPE), Hangzhou, China",
  volume  = "",
  number  = "",
  pages   = "1--4",
  year    = "December 2018",
}
@InProceedings{LYang:19,
  author  = {L. Yang and W. Yang and S. Xu and L. Tang and Z. He},
  title   = {{Achieving Covert Wireless Communications Using a Full-Duplex Multi-Antenna Receiver}},
  booktitle = "2019 IEEE 5th International Conference on Computer and Communications (ICCC), Chengdu, China",
  volume  = "",
  number  = "",
  pages   = "912--916",
  year    = "December 2019",
}
@InProceedings{JWang:19_2,
  author  = {J. Wang and Y. Li and W. Tang and X. Li and S. Li},
  title   = {{Channel State Information Based Optimal Strategy for Covert Communication}},
  booktitle = "2019 11th International Conference on Wireless Communications and Signal Processing (WCSP), Xi'an, China",
  volume  = "",
  number  = "",
  pages   = "1--6",
  year    = "December 2019",
}
@Article{JHu:19_2,
  author  = {J. Hu and S. Yan and X. Zhou and F. Shu and J. Li},
  title   = {{Covert Wireless Communications With Channel Inversion Power Control in Rayleigh Fading}},
  journal = "IEEE Trans. Veh. Technol.",
  volume  = "68",
  number  = "12",
  pages   = "12135--12149",
  year    = "December 2019",
}
@Article{FShu:19,
  author  = {F. Shu and T. Xu and J. Hu and S. Yan},
  title   = {{Delay-Constrained Covert Communications With a Full-Duplex Receiver}},
  journal = "IEEE Wireless Commun. Lett.",
  volume  = "8",
  number  = "3",
  pages   = "813--816",
  year    = "June 2019",
}
@Article{YLi:20,
  author  = {Y. Li and R. Zhao and Y. Deng and F. Shu and Z. Nie and A. H. Aghvami},
  title   = {{Harvest-and-Opportunistically-Relay: Analyses on Transmission Outage and Covertness}},
  journal = "IEEE Trans. Wireless Commun.",
  volume  = "19",
  number  = "12",
  pages   = "7779--7795",
  year    = "December 2020",
}
@InProceedings{YZhao:20,
  author  = {Y. Zhao and Z. Li and N. Cheng and D. Wang and W. Quan and X. Shen},
  title   = {{Joint Power and Position Optimization for the Full-Duplex Receiver in Covert Communication}},
  booktitle = "ICC 2020 - 2020 IEEE International Conference on Communications (ICC), Dublin, Ireland",
  volume  = "",
  number  = "",
  pages   = "1--6",
  year    = "July 2020",
}
@InProceedings{RXu:21,
  author  = {R. Xu and L. Guan and Y. Zhao and Z. Li and D. Wang},
  title   = {{Robust Power and Position Optimization for the Full-Duplex Receiver in Covert Communication}},
  booktitle = "2021 IEEE Global Communications Conference (GLOBECOM), Madrid, Spain",
  volume  = "",
  number  = "",
  pages   = "1--6",
  year    = "December 2021",
}
@InProceedings{BChe:21,
  author  = {B. Che and W. Yang and X. Lu},
  title   = {{Covert Communication for Multi-Channel Transmission with A Full-Duplex Receiver}},
  booktitle = "2021 13th International Conference on Wireless Communications and Signal Processing (WCSP), Changsha, China",
  volume  = "",
  number  = "",
  pages   = "1--5",
  year    = "October 2021",
}
@Article{MZheng:21,
  author  = {M. Zheng and A. Hamilton and C. Ling},
  title   = {{Covert Communications With a Full-Duplex Receiver in Non-Coherent Rayleigh Fading}},
  journal = "IEEE Trans. Commun.",
  volume  = "69",
  number  = "3",
  pages   = "1882--1895",
  year    = "March 2021",
}
@Article{YWang:21,
  author  = {Y. Wang and S. Yan and W. Yang and Y. Cai},
  title   = {{Covert Communications With Constrained Age of Information}},
  journal = "IEEE Wireless Commun. Lett.",
  volume  = "10",
  number  = "2",
  pages   = "368--372",
  year    = "February 2021",
}
@Article{CWang:21,
  author  = {C. Wang and Z. Li and J. Shi and D. W. K. Ng},
  title   = {{Intelligent Reflecting Surface-Assisted Multi-Antenna Covert Communications: Joint Active and Passive Beamforming Optimization}},
  journal = "IEEE Trans. Commun.",
  volume  = "69",
  number  = "6",
  pages   = "3984--4000",
  year    = "June 2021",
}
@Article{XChen:21,
  author  = {X. Chen and W. Sun and C. Xing and N. Zhao and Y. Chen and F. R. Yu and A. Nallanathan},
  title   = {{Multi-Antenna Covert Communication via Full-Duplex Jamming Against a Warden With Uncertain Locations}},
  journal = "IEEE Trans. Wireless Commun.",
  volume  = "20",
  number  = "8",
  pages   = "5467--5480",
  year    = "August 2021",
}
@Article{XZhou:21,
  author  = {X. Zhou and S. Yan and F. Shu and R. Chen and J. Li},
  title   = {{UAV-Enabled Covert Wireless Data Collection}},
  journal = "IEEE J. Sel. Areas Commun.",
  volume  = "39",
  number  = "11",
  pages   = "3348--3362",
  year    = "November 2021",
}
@InProceedings{JYang:22,
  author  = {J. Yang and H. Zhou and R. Chen and J. Shi and Z. Li},
  title   = {{Covert Communication Against a Full-Duplex Adversary in Cognitive Radio Networks}},
  booktitle = "GLOBECOM 2022 - 2022 IEEE Global Communications Conference, Rio de Janeiro, Brazil",
  volume  = "",
  number  = "",
  pages   = "3144--3149",
  year    = "December 2022",
}
@Article{JLiu:22,
  author  = {J. Liu and J. Yu and X. Chen and R. Zhang and S. Wang and J. An},
  title   = {{Covert Communication in Ambient Backscatter Systems With Uncontrollable RF Source}},
  journal = "IEEE Trans. Commun.",
  volume  = "70",
  number  = "3",
  pages   = "1971--1983",
  year    = "March 2022",
}
@Article{CWang:22,
  author  = {C. Wang and Z. Li and D. W. K. Ng},
  title   = {{Covert Rate Optimization of Millimeter Wave Full-Duplex Communications}},
  journal = "IEEE Trans. Wireless Commun.",
  volume  = "21",
  number  = "5",
  pages   = "2844--2861",
  year    = "May 2022",
}
@Article{SPejoski:22,
  author  = {S. Pejoski and Z. Hadzi-Velkov and N. Zlatanov},
  title   = {{Full-Duplex Covert Communications Assisted by Intelligent Reflective Surfaces}},
  journal = "IEEE Commun. Lett.",
  volume  = "26",
  number  = "12",
  pages   = "2846--2850",
  year    = "December 2022",
}
@Article{LLNguyen:22,
  author  = {L. L. Nguyen and T.-T. Nguyen and A. Fiche and R. Gautier and H. Q. Ta},
  title   = {{Hiding Messages in Secure Connection Transmissions with Full-Duplex Overt Receiver}},
  journal = "Sensors",
  volume  = "22",
  number  = "15",
  pages   = "5812",
  year    = "August 2022",
}
@Article{SFeng:22,
  author  = {S. Feng and X. Lu and S. Sun and D. Niyato},
  title   = {{Mean-Field Artificial Noise Assistance and Uplink Power Control in Covert IoT Systems}},
  journal = "IEEE Trans. Wireless Commun.",
  volume  = "21",
  number  = "9",
  pages   = "7358--7373",
  year    = "September 2022",
}
@InProceedings{ZGuo:22,
  author  = {Z. Guo and S. Zhao and J. Wang and H. Lit and Y. Shen},
  title   = {{Optimal Location Design for UAV Covert Communications with a Full-Duplex Receiver}},
  booktitle = "2022 International Conference on Networking and Network Applications (NaNA), Urumqi, China",
  volume  = "",
  number  = "",
  pages   = "35--40",
  year    = "December 2022",
}
@Article{YWang:22,
  author  = {Y. Wang and S. Yan and W. Yang and C. Zhong and D. W. K. Ng},
  title   = {{Probabilistic Accumulate-Then-Transmit in Wireless-Powered Covert Communications}},
  journal = "IEEE Trans. Wireless Commun.",
  volume  = "21",
  number  = "12",
  pages   = "10393--10406",
  year    = "December 2022",
}
@Article{RZhang:22,
  author  = {R. Zhang and X. Chen and M. Liu and N. Zhao and X. Wang and A. Nallanathan},
  title   = {{UAV Relay Assisted Cooperative Jamming for Covert Communications Over Rician Fading}},
  journal = "IEEE Trans. Veh. Technol.",
  volume  = "71",
  number  = "7",
  pages   = "7936--7941",
  year    = "July 2022",
}
@Article{MWang:23_2,
  author  = {M. Wang and Z. Xu and B. Xia and Y. Guo},
  title   = {{Active Intelligent Reflecting Surface Assisted Covert Communications}},
  journal = "IEEE Trans. Veh. Technol.",
  volume  = "72",
  number  = "4",
  pages   = "5401--5406",
  year    = "April 2023",
}
@Article{ZWu:23,
  author  = {Z. Wu and K. Guo and S. Zhu},
  title   = {{Covert Communication for Integrated Satelliteâ€“Terrestrial Relay Networks with Cooperative Jamming}},
  journal = "Electronics",
  volume  = "12",
  number  = "4",
  pages   = "999",
  year    = "February 2023",
}
@Article{YYang:23,
  author  = {Y. Yang and B. Yang and S. Shen and Y. She and T. Taleb},
  title   = {{Covert Rate Study for Full-Duplex D2D Communications Underlaid Cellular Networks}},
  journal = "IEEE Internet Things J.",
  volume  = "10",
  number  = "17",
  pages   = "15223--15237",
  year    = "September 2023",
}
@Article{RSun:23,
  author  = {R. Sun and B. Yang and Y. Shen and X. Jiang and T. Taleb},
  title   = {{Covertness and Secrecy Study in Untrusted Relay-Assisted D2D Networks}},
  journal = "IEEE Internet Things J.",
  volume  = "10",
  number  = "1",
  pages   = "17--30",
  year    = "January 2023",
}
@Article{CWang:23,
  author  = {C. Wang and Z. Li and T.-X. Zheng and D. W. K. Ng and N. Al-Dhahir},
  title   = {{Intelligent Reflecting Surface-Aided Full-Duplex Covert Communications: Information Freshness Optimization}},
  journal = "IEEE Trans. Wireless Commun.",
  volume  = "22",
  number  = "5",
  pages   = "3246--3263",
  year    = "May 2023",
}
@Article{MLi:23,
  author  = {M. Li and X. Tao, H. Wu and N. Li},
  title   = {{Joint Trajectory and Resource Optimization for Covert Communication in UAV-Enabled Relaying Systems}},
  journal = "IEEE Trans. Veh. Technol.",
  volume  = "72",
  number  = "4",
  pages   = "5518--5523",
  year    = "April 2023",
}
@Article{JMoon:23_1,
  author  = {J. Moon},
  title   = {{Disguised Full-Duplex Covert Communications}},
  journal = "Sensors",
  volume  = "23",
  number  = "14",
  pages   = "6515",
  year    = "July 2023",
}
@InProceedings{SSim:23,
  author  = {S. Sim and J. Kim and J. Lee},
  title   = {{Jamming Power Optimization for Data Freshness in Covert Relay Networks}},
  booktitle = "2023 14th International Conference on Information and Communication Technology Convergence (ICTC), Jeju Island, Korea, Republic of",
  volume  = "",
  number  = "",
  pages   = "1401--1403",
  year    = "October 2023",
}


%% UAV
@Article{JDu:23,
  author  = {J. Du and W. Tian and X. Ji and M. Du and G. Liu and Y. Dai and Z. Han},
  title   = {{Strategic UAV-Assisted Game Model for Detection in Covert Communication}},
  journal = "IEEE Trans. Veh. Technol.",
  volume  = "72",
  number  = "6",
  pages   = "7426--7438",
  year    = "June 2023",
}
@Article{YLi:24,
  author  = {Y. Li and W. Tian and X. Ji and G. Liu and Y. Dai},
  title   = {{Optimal Position Design for Unmanned Aerial Vehicle Relay-Assisted Covert Communication Based on Active Countermeasures}},
  journal = "IEEE Syst. J.",
  volume  = "18",
  number  = "1",
  pages   = "692--701",
  year    = "March 2024",
}
@Article{XQin:24,
  author  = {X. Qin and Z. Na and Z. Wen and X. Wu},
  title   = {{Relaying IRS-UAV Assisted Covert Communications in Uplink C-NOMA Network}},
  journal = "IEEE Commun. Lett.",
  volume  = "28",
  number  = "9",
  pages   = "2136--2140",
  year    = "September 2024",
}





%% IRS
@Article{YQian:23,
  author  = {Y. Qian and C. Yang and Z. Mei and X. Zhou and L. Shi and J. Li},
  title   = {{On Joint Optimization of Trajectory and Phase Shift for IRS-UAV Assisted Covert Communication Systems}},
  journal = "IEEE Trans. Veh. Technol.",
  volume  = "72",
  number  = "10",
  pages   = "12873--12883",
  year    = "October 2023",
}
@Article{QLi:24,
  author  = {Q. Li and D. Xu and K. Zhang and K. Navaie and Z. Ding},
  title   = {{Covert Communications in STAR-RIS Assisted NOMA IoT Networks Over Nakagami-m Fading Channels}},
  journal = "IEEE Internet Things J.",
  volume  = "11",
  number  = "12",
  pages   = "22456--22470",
  year    = "June 2024",
}
@Article{CWang:24,
  author  = {C. Wang and Z. Xiong and M. Zheng and N. Zhao and D. Niyato},
  title   = {{Covert Communications via Two-Way IRS with Noise Power Uncertainty}},
  journal = "IEEE Trans. Commun.",
  volume  = "72",
  number  = "8",
  pages   = "4803--4815",
  year    = "August 2024",
}





%% C-RAN
@Article{JMoon:24_1,
  author  = {J. Moon},
  title   = {{Covert Communications in a Compress-and-Forward Relay System}},
  journal = "ICT Express",
  volume  = "10",
  number  = "2",
  pages   = "412--417",
  year    = "April 2024",
}

%% NOMA
@Article{HQTa:22,
  author  = {H. Q. Ta and K. Ho-Van and D. B. da Costa and S. W. Kim and H. Oh},
  title   = {{Covert Communications Over Non-Orthogonal Multiple Overt Channels}},
  journal = "IEEE Access",
  volume  = "10",
  number  = "",
  pages   = "122361--122375",
  year    = "2022",
}

%% Perfect information at the warden
@Article{SWKim:22,
  author  = {S. W. Kim and H. Q. Ta},
  title   = {{Covert Communications Over Multiple Overt Channels}},
  journal = "IEEE Trans. Commun.",
  volume  = "70",
  number  = "2",
  pages   = "1112--1124",
  year    = "February 2022",
}

%% Noise uncertainty - dB bounded
@Article{BHe:17,
  author  = {B. He and S. Yan and X. Zhou and V. K. N. Lau},
  title   = {{On Covert Communication With Noise Uncertainty}},
  journal = "IEEE Commun. Lett.",
  volume  = "21",
  number  = "4",
  pages   = "941--944",
  year    = "April 2017",
}
@Article{JSi:21,
  author  = {J. Si and Z. Li and Y. Zhao and J. Cheng and L. Guan and J. Shi and N. Al-Dhahir},
  title   = {{Covert Transmission Assisted by Intelligent Reflecting Surface}},
  journal = "IEEE Trans. Commun.",
  volume  = "69",
  number  = "8",
  pages   = "5394--5408",
  year    = "August 2021",
}

%% Artificial noise
@InProceedings{LZhang:23,
  author  = {L. Zhang and G. Li and J. Chen and H. Wang and W. He and J. Yi},
  title   = {{Joint Transmit Power and Trajectory Optimization for UAV Covert Communication Assisted by Artificial Noise}},
  booktitle = "2023 International Conference on Ubiquitous Communication (Ucom), Xi'an, China, 2023",
  volume  = "",
  number  = "",
  pages   = "46--51",
  year    = "July 2023",
}
%% Uninformed jammer
@Article{TVSobers:17,
  author  = {T. V. Sobers and B. A. Bash and S. Guha and D. Towsley and D. Goeckel},
  title   = {{Covert Communication in the Presence of an Uninformed Jammer}},
  journal = "IEEE Trans. Wireless Commun.",
  volume  = "16",
  number  = "9",
  pages   = "6193--6206",
  year    = "September 2017",
}

%% PLS + Covert
@Article{MForouzesh:23,
  author  = {M. Forouzesh and F. Samsami Khodadad and P. Azmi and A. Kuhestani and H. Ahmadi},
  title   = {{Simultaneous Secure and Covert Transmissions Against Two Attacks Under Practical Assumptions}},
  journal = "IEEE Internet Things J.",
  volume  = "10",
  number  = "12",
  pages   = "10160--10171",
  year    = "June 2023",
}

%% TDMA
@Article{JMoon:21,
  author  = {J. Moon},
  title   = {{Covert Communications in Time Division Multiple Access Networks}},
  journal = "The Journal of Korean Institute of CoYmmunications and Information Sciences (J-KICS)",
  volume  = "46",
  number  = "9",
  pages   = "1407--1410",
  year    = "2021",
}

%% Multiuser
@Article{JLee:23,
  author  = {J. Lee and D. T. Dinh and H. Yeom and S.-H. Lee and J. Ha},
  title   = {{Multiuser Cooperation for Covert Communication Under Quasi-Static Fading}},
  journal = "IEEE Trans. Inf. Forensics Security",
  volume  = "18",
  number  = "",
  pages   = "4625--4639",
  year    = "2023",
}




%%%%%%%%%%%%%%%%%%%%%%%%%%%%%%%%%%%%%%%%%%%%%%%%%
%-- Relay --%
% Technical papers
@Article{BMakki:19_2,
  author  = {B. Makki and M.-S. Alouini},
  title   = {{End-to-End Performance Analysis of Delay-Sensitive Multi-Relay Networks}},
  journal = "IEEE Commun. Lett.",
  volume  = "23",
  number  = "12",
  pages   = "2159--2163",
  year    = "December 2019",
}


%%%%%%%%%%%%%%%%%%%%%%%%%%%%%%%%%%%%%%%%%%%%%%%%%
%-- C-RAN/F-RAN --%
@Article{SHPark:14,
  author  = {S.-H. Park and O. Simeone and O. Sahin and S. Shamai Shitz},
  title   = {{Fronthaul Compression for Cloud Radio Access Networks: Signal processing advances inspired by network information theory}},
  journal = "IEEE Signal Process. Mag.",
  volume  = "31",
  number  = "6",
  pages   = "69--79",
  year    = "November 2014",
}
@Article{YJeon:16,
  author  = {Y. Jeon and S.-H. Park and C. Song and J. Moon and S. Maeng and I. Lee},
  title   = {{Joint designs of fronthaul compression and precoding for full-duplex cloud radio access networks}},
  journal = "IEEE Wireless Commun. Lett.",
  volume  = "5",
  number  = "6",
  pages   = "632--635",
  year    = "December 2016",
}
@Article{JMoon:19_2,
  author  = {J. Moon and O. Simeone and S.-H. Park and I. Lee},
  title   = {{Online Reinforcement Learning of X-Haul Content Delivery Mode in Fog Radio Access Networks}},
  journal = "IEEE Signal Process. Lett.",
  volume  = "26",
  number  = "10",
  pages   = "1451--1455",
  year    = "October 2019",
}

%%%%%%%%%%%%%%%%%%%%%%%%%%%%%%%%%%%%%%%%%%%%%%%%%
%-- Multi-access edge computing --%

% Magazines / surveys
@Article{LPeng:24,
  author  = {L. Peng and P.-H. Ho and K. Zhao},
  title   = {{Task Offloading in Terrestrial-Support-Free Multi-Layer Multi-Access Edge Computing}},
  journal = "IEEE Commun. Mag.",
  volume  = "62",
  number  = "7",
  pages   = "82--87",
  year    = "July 2024",
}



%%%%%%%%%%%%%%%%%%%%%%%%%%%%%%%%%%%%%%%%%%%%%%%%%
%-- Satellite communications --%
% Magazines / Surveys

@Article{DWang:21,
  author  = {D. Wang and M. Giordani and M.-S. Alouini and M. Zorzi},
  title   = {{The Potential of Multilayered Hierarchical Nonterrestrial Networks for 6G: A Comparative Analysis Among Networking Architectures}},
  journal = "IEEE Veh. Technol. Mag.",
  volume  = "16",
  number  = "3",
  pages   = "99--107",
  year    = "September 2021",
}
@Article{SMahboob:24,
  author  = {S. Mahboob and L. Liu},
  title   = {{Revolutionizing Future Connectivity: A Contemporary Survey on AI-Empowered Satellite-Based Non-Terrestrial Networks in 6G}},
  journal = "IEEE Commun. Surveys Tuts.",
  volume  = "26",
  number  = "2",
  pages   = "1279--1321",
  year    = "Secondquarter 2024",
}
@Article{FWang:25,
  author  = {F. Wang and S. Zhang and H. Yang and T. Q. S. Quek},
  title   = {{Non-Terrestrial Networking for 6G: Evolution, Opportunities, and Future Directions}},
  journal = "",
  volume  = "",
  number  = "",
  pages   = "",
  year    = "[Online] Available: https://arxiv.org/abs/2412.00820",
}
@Article{MAJamshed:25,
  author  = {M. A. Jamshed and A. Kaushik and M. Dajer and A. Guidotti and F. Parzysz and E. Lagunas and M. D. Renzo and S. Chatzinotas and O. A. Dobre},
  title   = {{Non-Terrestrial Networks for 6G: Integrated, Intelligent and Ubiquitous Connectivity}},
  journal = "",
  volume  = "",
  number  = "",
  pages   = "",
  year    = "[Online] Available: https://arxiv.org/abs/2407.02184",
}
@Article{YHe:24,
  author  = {Y. He and C. Wang and C. Qi and Z. Feng},
  title   = {{Spatial Ultra-Sparse Distributed Antenna Satellite-Ground Cooperative Transmission Architecture: Challenges, Key Technologies, and Trends}},
  journal = "IEEE Commun. Mag.",
  volume  = "62",
  number  = "9",
  pages   = "136--143",
  year    = "September 2024",
}


% Technical papers
%% General
@Article{SCLin:23,
  author  = {S.-C. Lin and C.-H. Lin and L. C. Chu and S.-Y. Lien},
  title   = {{Enabling Resilient Access Equality for 6G LEO Satellite Swarm Networks}},
  journal = "IEEE Internet Things J.",
  volume  = "6",
  number  = "3",
  pages   = "38--43",
  year    = "September 2023",
}

%% Satellite-Fixed Cell, Earth-Fixed Cell
@InProceedings{AAlbanese:03,
  author  = {A. Albanese, P. Angeletti, M. Lisi and G. Lucchi},
  title   = {{Handover Management and Service Availability in Non-Geostationary Satellite Constellations Design}},
  booktitle = "2003 21st International Communications Satellite Systems Conference and Exhibit, Yokohama, Japan",
  volume  = "",
  number  = "",
  pages   = "1--11",
  year    = "April 2003",
}

%% Main lobe, sidelobe gains
@Article{HSGhadikolaei:15,
  author  = {H. Shokri-Ghadikolaei and C. Fischione and G. Fodor and P. Popovski and M. Zorzi},
  title   = {{Millimeter Wave Cellular Networks: A MAC Layer Perspective}},
  journal = "IEEE Trans. Commun.",
  volume  = "63",
  number  = "10",
  pages   = "3437--3458",
  year    = "October 2015",
}
@Article{KAn:19,
  author  = {K. An and T. Liang and G. Zheng and X. Yan and Y. Li and S. Chatzinotas},
  title   = {{Performance Limits of Cognitive-Uplink FSS and Terrestrial FS for Ka-Band}},
  journal = "IEEE Trans. Aerosp. Electron. Syst.",
  volume  = "55",
  number  = "5",
  pages   = "2604--2611",
  year    = "October 2019",
}

%% Channel models
@misc{ITU-R_P618:23,
  author  = {International Telecommunication Union-Radio (ITU-R)},
  title   = {{P.618 : Propagation data and prediction methods required for the design of Earth-space telecommunication systems}},
  year    = "2023",
  note    = "Last accessed 21 March 2024",
  url     = "https://www.itu.int/rec/R-REC-P.618/en",
}
@Article{ADPanagopoulos:04,
  author  = {A. D. Panagopoulos and P.-D. M. Arapoglou and P. G. Cottis},
  title   = {{Satellite Communications at KU, KA, and V Bands: Propagation Impairments and Mitigation Techniques}},
  journal = "IEEE Commun. Surveys Tuts.",
  volume  = "6",
  number  = "3",
  pages   = "2--14",
  year    = "Third Quarter 2004",
}

%% Doppler shift
@Article{IFrigyes:01,
  author  = {I. Frigyes and B. G. Moln\'ar and R. Vallet and Z. Herczku and Z. Bodn\'ar},
  title   = {{Doppler Spread Characteristics of Satellite Personal Communication Channels}},
  journal = "Int. J. Satell. Commun.",
  volume  = "19",
  number  = "3",
  pages   = "251--262",
  year    = "May 2001",
}
@Article{PZhou:19,
  author  = {P. Zhou and X. Fang and Y. Fang and R. He and Y. Long and G. Huang},
  title   = {{Beam Management and Self-Healing for mmWave UAV Mesh Networks}},
  journal = "IEEE Trans. Veh. Technol.",
  volume  = "68",
  number  = "2",
  pages   = "1718--1732",
  year    = "February 2019",
}


%% Terrestrial interference threshold
@misc{ITU-R_SM1448:19,
  author  = {International Telecommunication Union-Radio (ITU-R)},
  title   = {{SM.1448: Determination of the coordination area around an earth station in the frequency bands between 100 MHz and 105 GHz}},
  year    = "2019",
  note    = "Last accessed 21 March 2024",
  url     = "https://www.itu.int/rec/R-REC-SM.1448/en",
}

%% Full-duplex
@InProceedings{EGrayver:15,
  author  = {E. Grayver and R. Keating and A. Parower},
  title   = {{Feasibility of full duplex communications for LEO satellite}},
  booktitle = "2015 IEEE Aerospace Conference, Big Sky, MT, USA",
  volume  = "",
  number  = "",
  pages   = "1--8",
  year    = "March 2015",
}

%% Energy efficiency
@Article{QLiao:21,
  author  = {Q. Liao and M. Kaneko},
  title   = {{Global Energy Efficiency Optimization of a Ka-Band Multi-Beam LEO Satellite Communication System}},
  journal = "IEEE Access",
  volume  = "9",
  number  = "",
  pages   = "55232--55243",
  year    = "April 2021",
}
@InProceedings{LGao:20,
  author  = {L. Gao and J. Ma and L. You and C. Pan and W. Wang and X. Gao},
  title   = {{Robust energyefficient multigroup multicast beamforming for multi-beam satellite communications}},
  booktitle = "2020 IEEE International Conference on Communications (ICC), Dublin, Ireland",
  volume  = "",
  number  = "",
  pages   = "1--6",
  year    = "June 2020",
}
@InProceedings{JMoon:24_3,
  author  = {J. Moon and H. Lee},
  title   = {{Energy Efficiency Maximization for Multi-LEO Satellite Networks}},
  booktitle = "2024 Fifteenth International Conference on Ubiquitous and Future Networks (ICUFN), Budapest, Hungary",
  volume  = "",
  number  = "",
  pages   = "1--5",
  year    = "July 2024",
}
@Article{KLin:24,
  author  = {K. Lin and M. A. Ullah and H. Alves and K. Mikhaylov and T. Hao},
  title   = {{Energy Efficiency Optimization for Subterranean LoRaWAN Using a Reinforcement Learning Approach: A Direct-to-Satellite Scenario}},
  journal = "IEEE Wireless Commun. Lett.",
  volume  = "13",
  number  = "2",
  pages   = "308--312",
  year    = "February 2024",
}
@InProceedings{SMMShahabi:24,
  author  = {S. M. M. Shahabi and X. Deng and A. Qidan and T. Elgorashi and J. Elmirghani},
  title   = {{Energy-efficient Functional Split in Non-terrestrial Open Radio Access Networks}},
  booktitle = "GLOBECOM 2024 - 2024 IEEE Global Communications Conference, Cape Town, South Africa",
  volume  = "",
  number  = "",
  pages   = "3799--3804",
  year    = "December 2024",
}
@Article{SSHassan:23,
  author  = {S. S. Hassan and D. H. Kim and Y. K. Tun and N. H. Tran and W. Saad and C. S. Hong},
  title   = {{Seamless and Energy-Efficient Maritime Coverage in Coordinated 6G Space-Air-Sea Non-Terrestrial Networks}},
  journal = "IEEE Internet Things J.",
  volume  = "10",
  number  = "6",
  pages   = "4749--4769",
  year    = "March 2023",
}
@Article{CQi:22,
  author  = {C. Qi and Y. Yang and R. Ding and S. Jin and D. Liu},
  title   = {{Multibeam Satellite Communications With Energy Efficiency Optimization}},
  journal = "IEEE Commun. Lett.",
  volume  = "26",
  number  = "4",
  pages   = "887--891",
  year    = "April 2022",
}
@Article{CQi:18,
  author  = {C. Qi and X. Wang},
  title   = {{Precoding Design for Energy Efficiency of Multibeam Satellite Communications}},
  journal = "IEEE Commun. Lett.",
  volume  = "22",
  number  = "9",
  pages   = "1826--1829",
  year    = "September 2018",
}


%% User scheduling
@InProceedings{DGRiviello:22,
  author  = {D. G. Riviello and B. Ahmad and A. Guidotti and A. Vanelli-Coralli},
  title   = {{Joint Graph-based User Scheduling and Beamforming in LEO-MIMO Satellite Communication Systems}},
  booktitle = "2022 11th Advanced Satellite Multimedia Systems Conference and the 17th Signal Processing for Space Communications Workshop (ASMS/SPSC), Graz, Austria",
  volume  = "",
  number  = "",
  pages   = "1--8",
  year    = "September 2022",
}

%% RIS
@InProceedings{WUKhan:23,
  author  = {W. U. Khan and E. Lagunas and A. Mahmood and S. Chatzinotas and B. Ottersten},
  title   = {{Energy-Efficient RIS-Enabled NOMA Communication for 6G LEO Satellite Networks}},
  booktitle = "2023 IEEE 97th Vehicular Technology Conference (VTC2023-Spring), Florence, Italy",
  volume  = "",
  number  = "",
  pages   = "1--6",
  year    = "June 2023",
}

%% Covert communication
@Article{Chen:23,
  author  = {X. Chen and J. An and Z. Xiong and C. Xing and N.Zhao and F. R. Yu and A. Nallanathan},
  title   = {{Covert communications: A comprehensive survey}},
  journal = "IEEE Communications Surveys and Tutorials",
  volume  = "25",
  number  = "2",
  pages   = "",
  year    = "April 2023",
}
@Article{SHasan:24,
  author  = {Md Sakil Hasan and Jihwan Moon},
  title   = {{Detection Error Probability Maximization for Relay-Based Covert Communications}},
  journal = "The Journal of Korean Institute of Communications and Information Sciences",
  volume  = "",
  number  = "",
  pages   = "",
  year    = "2024",
}

%% PLS

@Article{OKodheli:20,
  author  = {O. Kodheli and E. Lagunas and N. Maturo and S. K. Sharma},
  title   = {{Satellite Communications in the New Space Era: A Survey and Future Challenges}},
  journal = "IEEE Communications Surveys and Tutorials",
  volume  = "23",
  number  = "",
  pages   = "70 - 109",
  year    = "2021",
}
@Article{SGoel:08,
  author  = {S. Goel and R. Negi},
  title   = {{Guaranteeing Secrecy using Artificial Noise}},
  journal = "IEEE Transactions on Wireless Communications",
  volume  = "7",
  number  = "",
  pages   = "2180-2189",
  year    = "June 2008",
}
@Article{PDevi:25,
  author  = {P. Devi and M. R. Bharti and D. Gautam },
  title   = {{A Survey on Physical Layer Security for 5G/6G Communications over Different Fading Channels: Approaches, Challenges, and Future Directions}},
  journal = "Vehicular Communications",
  volume  = "53",
  number  = "",
  pages   = "",
  year    = "June 2025",
}
@Article{SPark:21,
  author  = {S. Park and D. Kim and Y. Park and H. Cho and D. Kim and S. Kwon},
  title   = {{5G Security Threat Assessment in Real Networks}},
  journal = "Communications Security in Wireless and Mobile Networks",
  volume  = "",
  number  = "",
  pages   = "",
  year    = "August 2021",
}
@Article{Rappaport:19,
  author  = {T. S. Rappaport and Y. Xing and O. Kanhere and S. Ju},
  title   = {{Wireless communication and Applications Above 100GHz: Opportunities and Challenges for 6G and Beyond}},
  journal = "IEEE Access",
  volume  = "07",
  number  = "",
  pages   = "78729--78757",
  year    = "January 2019",
}
@Article{PScalise:24,
  author  = {P. Scalise and M. Boeding and M. Hempel and H. Sharif and J. Reed},
  title   = {{A Systematic Survey on 5G and 6G Security Considerations, Challenges, Trends, and Research Areas}},
  journal = "5G Security: Challenges, Opportunities, and the Road Ahead",
  volume  = "",
  number  = "",
  pages   = "",
  year    = "February 2024",
}
@Article{ASanenga:20,
  author  = {A. Sanenga and G. A. Mapunda and T. M. L. Jacob and L. Marata and B. Basutli and J. M. Chuma},
  title   = {{An Overview of Key Technologies in Physical Layer Security}},
  journal = "Entropy Reviews",
  volume  = "",
  number  = "",
  pages   = "",
  year    = "November 2020",
}
@Article{BLi:20,
  author  = {B. Li and Z. Fei and C. Zhou and Y. Zhang},
  title   = {{Physical-Layer Security in Space Information Networks: A Survey}},
  journal = "IEEE Internet of Things Journal",
  volume  = "7",
  number  = "",
  pages   = "33--52",
  year    = "January 2020",
}
@Article{Talgat:24,
  author  = {A. Talgat and R. Wang and M. A. Kishk and M. S. Alouini},
  title   = {{Enhancing Pysical Layer Security inn LEO Satellite-Enabled IoT Network Communications}},
  journal = "IEEE Internet of Things Journal ",
  volume  = "11",
  number  = "",
  pages   = "33967 - 33979",
  year    = "October 2024",
}
@Article{DNa:25,
  author  = {D. Na and K. H. Park and Y. C. Ko and M. S. Alouini},
  title   = {{Physical Layer Security for LEO Satellite Communication Systems with Friendly Jamming Satellite}},
  journal = "IEEE Transactions on Wireless Communications  ",
  volume  = "",
  number  = "",
  pages   = "1--1",
  year    = "May 2025",
}
@Article{MHuang:24,
  author  = {M. Huang and G. Li and F. Gong and Z. Yin and X. Li and A. Nallanathan and Z. Ding},
  title   = {{Robust Secure Precoding for UAV-Aided multi-beam Satellite NOMA Communications}},
  journal = "EEE Transactions on Vehicular Technology",
  volume  = "73",
  number  = "",
  pages   = "8069 - 8082",
  year    = "June 2024",
}
@Article{IBang:18,
  author  = {I. Bang and S. M. Kim and D. K. Sung},
  title   = {{Artificial Noise-Aided User Scheduling from the Perspective of Secrecy Outage Probability}},
  journal = "EEE Transactions on Vehicular Technology",
  volume  = "67",
  number  = "8",
  pages   = "7816 - 7820",
  year    = "JAugust 2018",
}
@Article{YLee:25,
  author  = {Y. Lee and T. Kim and I. Bang},
  title   = {{Secrecy Outage Probability of Secure Transmission with Artificial Noise in Low Earth Orbit Satellite Networks}},
  journal = "Proc. ICC 2025 - IEEE International Conference on Communications, Montreal, Canada",
  volume  = "",
  number  = "",
  pages   = "1--6",
  year    = "8--12 June 2025",
}

%% Covert
@InProceedings{JMoon:25,
  author  = {J. Moon},
  title   = {{Hybrid DF/AF Relay-Based Low-Probability-of-Detection Satellite Communications}},
  booktitle = "2025 Winter Conference of the Korea Information and Communications Society (KICS)",
  volume  = "",
  number  = "",
  pages   = "1--2",
  year    = "Feb 2025",
}


%%%%%%%%%%%%%%%%%%%%%%%%%%%%%%%%%%%%%%%%%%%%%%%%%
%-- 3GPP --%
@misc{TS_38_101-2:25,
  author  = {The 3rd Generation Partnership Project (3GPP)},
  title   = {{TS 38.101-2: NR; User Equipment (UE) radio transmission and reception; Part 2: Range 2 Standalone}},
  year    = "2025",
  note    = "Last accessed 11 April 2025",
  url     = "https://portal.3gpp.org/desktopmodules/Specifications/SpecificationDetails.aspx?specificationId=3284",
}


%%%%%%%%%%%%%%%%%%%%%%%%%%%%%%%%%%%%%%%%%%%%%%%%%
%-- Optimization --%
@Article{ALiu:19,
  author  = {A. Liu and V. K. N. Lau and B. Kananian},
  title   = {{Stochastic Successive Convex Approximation for Non-Convex Constrained Stochastic Optimization}},
  journal = "IEEE Trans. Signal Process.",
  volume  = "67",
  number  = "16",
  pages   = "4189--4203",
  year    = "August 2019",
}
@Article{HWKuhn:55,
  author  = {H. W. Kuhn},
  title   = {{The Hungarian Method for the Assignment Problem}},
  journal = "Res. Logistics Quart.",
  volume  = "2",
  number  = "1--2",
  pages   = "83--97",
  year    = "March 1955",
}
@Article{DMNguyen:14,
  author  = {D. M. Nguyen and H. A. Le Thi and T. Pham Dinh},
  title   = {{Solving the Multidimensional Assignment Problem by a Cross-Entropy Method}},
  journal = "J. Comb. Optim.",
  volume  = "27",
  number  = "",
  pages   = "808--823",
  year    = "2014",
}
@Article{YMa:24,
  author  = {Y. Ma and X. Gao and C. Liu and J. Li},
  title   = {{Improved SQP and SLSQP Algorithms for Feasible Path-Based Process Optimisation}},
  journal = "Computers \& Chemical Engineering",
  volume  = "188",
  number  = "108751",
  pages   = "",
  year    = "September 2024",
}
@Article{SJSadjadi:1999,
  author  = {S. J. Sadjadi and K. Ponnambalam},
  title   = {{Advances in Trust Region Algorithms for Constrained Optimization}},
  journal = "Applied Numerical Mathematics",
  volume  = "29",
  number  = "3",
  pages   = "423--443",
  year    = "March 1999",
}
@article{SDiamond:16,
  author  = {S. Diamond and S. Boyd},
  title   = {{CVXPY: A Python-Embedded Modeling Language For Convex Optimization}},
  journal = "Journal of Machine Learning Research",
  year    = "2016",
  volume  = "17",
  number  = "83",
  pages   = "1--5",
}

%%%%%%%%%%%%%%%%%%%%%%%%%%%%%%%%%%%%%%%%%%%%%%%%%
%-- Books --%
@Book{BAForouzan:07,
  author  = {B. A. Forouzan},
  title   = {{Cryptography and Network Security}},
  year    = 2007,
  publisher = "McGraw-Hill",
  address   = "New York, NY, USA"
}
@Book{TQSQuek:17,
  author  = {T. Q. S. Quek and M. Peng and O. Simeone and W. Yu},
  title   = {{Cloud Radio Access Networks: Principles, Technologies, and Applications}},
  year    = 2017,
  publisher = "Cambridge Univ. Press",
  address   = "Cambridge, U.K."
}
@Book{AEGamal:11,
  author  = {A. E. Gamal and Y.-H. Kim},
  title   = {{Network Information Theory}},
  year    = 2011,
  publisher = "Cambridge Univ. Press",
  address   = "Cambridge, U.K."
}
@Book{TMCover:05,
  author  = {T. M. Cover and J. A. Thomas},
  title   = {{Elements of Information Theory}},
  year    = 2005,
  publisher = "John Wiley \& Sons, Inc.",
  address   = "Hoboken, NJ, USA"
}
@Book{SRoss:19,
  author  = {S. Ross},
  title   = {{A First Course in Probability (10th edition)}},
  year    = 2019,
  publisher = "Pearson",
  address   = "London, U.K."
}
@Book{JMBorwein:87,
  author  = {J. M. Borwein and P. B. Borwein},
  title   = {{Pi and the AGM : a study in analytic number theory and computational complexity}},
  year    = 1987,
  publisher = "Wiley",
  address   = "New York, USA"
}
@Book{MSBazaraa:05,
  author  = {M. S. Bazaraa and H. D. Sherali and C. M. Shetty},
  title   = {{Nonlinear Programming: Theory and Algorithms (3rd edition)}},
  year    = 2005,
  publisher = "John Wiley \& Sons, Inc.",
  address   = "Hoboken, NJ, USA"
}

%% for SUSDA paper
@article{YHe:25,
  author  = {Yuanzhi He and Peng Yang and Yunying Man and 
Changxu Wang and Chengwu Qi},
  title   = {{ Spatial Ultra-Sparse Array Formation on LEO Distributed Satellite Cluster: An Enhanced Hybrid Particle Swarm Method}},
  journal = "IEEE Journal of Selected Topics in Signal Processing",
  volume  = "19",
  number  = "5",
  pages   = "447 - 460",
  year    = "March 2025"
}
@article{Larsso:14,
  author  = {E. G. Larsson and O. Edfors and F. Tufvesson and T. L. Marzetta},
  title   = {{ Massive MIMO for next generation wireless systems }},
  journal = " IEEE Commun. Mag.",
  volume  = "52",
  number  = "2",
  pages   = "186-195",
  year    = "2014"
}
@article{Perahia:13,
  author  = {E. Perahia and R. Stacey},
  title   = {{ Next generation wireless LANs: 802.11 n and 802.11 ac. }},
  journal = " Cambridge university press",
  volume  = "",
  number  = "",
  pages   = "",
  year    = "2013"
}
@article{Khorov:18,
  author  = {E. Khorov and  A. Kiryanov and A. Lyakhov and G. Bianchi},
  title   = {{ A tutorial on IEEE 802.11 ax high efficiency WLANs }},
  journal = " IEEE Commun. Surv. Tutorials",
  volume  = "21",
  number  = "1",
  pages   = "197-216",
  year    = "2018"
}

@article{You:20,
  author  = {L. You and K.-X. Li and J. Wang X. Gao and X.-G. Xia and B. Ottersten},
  title   = {{ Massive MIMO transmission for LEO satellite communications }},
  journal = " IEEE J. Sel. Areas Commun.",
  volume  = "38",
  number  = "8",
  pages   = "1851-1865",
  year    = "2020"
}
@article{Kodheli:20,
  author  = {O. Kodheli and E. Lagunas and N. Maturo and S. K. Sharma and B. Shankar and J. F. M. Montoya and J. C. M. Duncan and D. Spano and S. Chatzinotas and S. Kisseleff et al.},
  title   = {{ Satellite communications in the new space era: A survey and future challenges}},
  journal = " IEEE Commun. Surv. Tutorials",
  volume  = "23",
  number  = "1",
  pages   = "70-109",
  year    = "2020"
}
@article{Heo:23,
  author  = {J. Heo and S. Sung and H. Lee and I. Hwang and D. Hong },
  title   = {{ MIMO satellite communication systems: A survey from the PHY layer perspective}},
  journal = " IEEE Commun. Surv. Tutorials",
  volume  = "25",
  number  = "",
  pages   = "1543 - 1570",
  year    = "July 2023"
}
@article{Li:07,
  author  = {J. Li and P. Stoica},
  title   = {{ MIMO radar with colocated antennas}},
  journal = " IEEE Signal Process Mag.",
  volume  = "24",
  number  = "5",
  pages   = "106-114",
  year    = "2007"
}

@article{Li:07_1,
  author  = {J. Li and P. Stoica},
  title   = {{ MIMO radar with colocated antennas}},
  journal = " IEEE Signal Process Mag.",
  volume  = "24",
  number  = "5",
  pages   = "106-114",
  year    = "2007"
}